@inproceedings{DBLP:conf/acl/LorenzoMN22,
  author    = {Abelardo Carlos Martinez Lorenzo and
               Marco Maru and
               Roberto Navigli},
  title     = {Fully-Semantic Parsing and Generation: the {BabelNet} Meaning Representation},
  booktitle = {{ACL} {(1)}},
  pages     = {1727--1741},
  publisher = {Association for Computational Linguistics},
  year      = {2022}
}

@inproceedings{DBLP:conf/naacl/RottgerVHP22,
  author    = {Paul R{\"{o}}ttger and
               Bertie Vidgen and
               Dirk Hovy and
               Janet B. Pierrehumbert},
  title     = {Two Contrasting Data Annotation Paradigms for Subjective {NLP} Tasks},
  booktitle = {{NAACL-HLT}},
  pages     = {175--190},
  publisher = {Association for Computational Linguistics},
  year      = {2022}
}

@inproceedings{DBLP:conf/ijcai/NakovCHAEBPSM21,
  author    = {Preslav Nakov and
               David P. A. Corney and
               Maram Hasanain and
               Firoj Alam and
               Tamer Elsayed and
               Alberto Barr{\'{o}}n{-}Cede{\~{n}}o and
               Paolo Papotti and
               Shaden Shaar and
               Giovanni Da San Martino},
  title     = {Automated Fact-Checking for Assisting Human Fact-Checkers},
  booktitle = {{IJCAI}},
  pages     = {4551--4558},
  publisher = {ijcai.org},
  year      = {2021}
}

@inproceedings{DBLP:conf/clef/AnticiBIIGR21,
  author    = {Francesco Antici and
               Luca Bolognini and
               Matteo Antonio Inajetovic and
               Bogdan Ivasiuk and
               Andrea Galassi and
               Federico Ruggeri},
  title     = {{SubjectivITA}: An {I}talian Corpus for Subjectivity Detection in Newspapers},
  booktitle = {{CLEF}},
  series    = {Lecture Notes in Computer Science},
  volume    = {12880},
  pages     = {40--52},
  publisher = {Springer},
  year      = {2021}
}

@article{DBLP:journals/toit/LippiT16,
  author    = {Marco Lippi and
               Paolo Torroni},
  title     = {Argumentation Mining: State of the Art and Emerging Trends},
  journal   = {{ACM} Transactions on Internet Technology},
  volume    = {16},
  number    = {2},
  pages     = {10:1--10:25},
  year      = {2016}
}



@article{DBLP:journals/corr/abs-2204-02311,
author    = {Aakanksha Chowdhery and
               Sharan Narang and
               Jacob Devlin and
               Maarten Bosma and
               Gaurav Mishra and
               Adam Roberts and
               Paul Barham and
               Hyung Won Chung and
               Charles Sutton and
               Sebastian Gehrmann and
               Parker Schuh and
               Kensen Shi and
               Sasha Tsvyashchenko and
               Joshua Maynez and
               Abhishek Rao and
               Parker Barnes and
               Yi Tay and
               Noam Shazeer and
               Vinodkumar Prabhakaran and
               Emily Reif and
               Nan Du and
               Ben Hutchinson and
               Reiner Pope and
               James Bradbury and
               Jacob Austin and
               Michael Isard and
               Guy Gur{-}Ari and
               Pengcheng Yin and
               Toju Duke and
               Anselm Levskaya and
               Sanjay Ghemawat and
               Sunipa Dev and
               Henryk Michalewski and
               Xavier Garcia and
               Vedant Misra and
               Kevin Robinson and
               Liam Fedus and
               Denny Zhou and
               Daphne Ippolito and
               David Luan and
               Hyeontaek Lim and
               Barret Zoph and
               Alexander Spiridonov and
               Ryan Sepassi and
               David Dohan and
               Shivani Agrawal and
               Mark Omernick and
               Andrew M. Dai and
               Thanumalayan Sankaranarayana Pillai and
               Marie Pellat and
               Aitor Lewkowycz and
               Erica Moreira and
               Rewon Child and
               Oleksandr Polozov and
               Katherine Lee and
               Zongwei Zhou and
               Xuezhi Wang and
               Brennan Saeta and
               Mark Diaz and
               Orhan Firat and
               Michele Catasta and
               Jason Wei and
               Kathy Meier{-}Hellstern and
               Douglas Eck and
               Jeff Dean and
               Slav Petrov and
               Noah Fiedel},
  title     = {{PaLM}: Scaling Language Modeling with Pathways},
  journal   = {CoRR},
  volume    = {abs/2204.02311},
  year      = {2022}
}

@article{paszke2017automatic,
  title={Automatic differentiation in PyTorch},
  author={Paszke, Adam and Gross, Sam and Chintala, Soumith and Chanan, Gregory and Yang, Edward and DeVito, Zachary and Lin, Zeming and Desmaison, Alban and Antiga, Luca and Lerer, Adam},
  year={2017}
}

@inproceedings{pennington2014glove,
  author = {Jeffrey Pennington and Richard Socher and Christopher D. Manning},
  booktitle = {Empirical Methods in Natural Language Processing (EMNLP)},
  title = {GloVe: Global Vectors for Word Representation},
  year = {2014},
  pages = {1532--1543},
  url = {http://www.aclweb.org/anthology/D14-1162},
}

@article{metareview,
author = {Zewdu, Alebachew and Yitagesu, Betselot},
year = {2022},
month = {01},
pages = {},
title = {Part of speech tagging: a systematic review of deep learning and machine learning approaches},
volume = {9},
journal = {Journal of Big Data},
doi = {10.1186/s40537-022-00561-y}
}

@article{liaw2018tune,
    title={Tune: A Research Platform for Distributed Model Selection and Training},
    author={Liaw, Richard and Liang, Eric and Nishihara, Robert
            and Moritz, Philipp and Gonzalez, Joseph E and Stoica, Ion},
    journal={arXiv preprint arXiv:1807.05118},
    year={2018}
}

@MISC {hidden_dim_func,
    title = {How to choose the number of hidden layers and nodes in a feedforward neural network?},
    author = {Lane, Hobson},
    year = {2015},
    howpublished = {Cross Validated},
    NOTE = {URL:https://stats.stackexchange.com/q/136542 (version: 2021-05-05)},
    EPRINT = {https://stats.stackexchange.com/q/136542},
    URL = {https://stats.stackexchange.com/q/136542}
}

@article{penntreebank,
author = {Marcus, Mitchell P. and Marcinkiewicz, Mary Ann and Santorini, Beatrice},
title = {Building a Large Annotated Corpus of English: The Penn Treebank},
year = {1993},
issue_date = {June 1993},
publisher = {MIT Press},
address = {Cambridge, MA, USA},
volume = {19},
number = {2},
issn = {0891-2017},
journal = {Comput. Linguist.},
month = {jun},
pages = {313â€“330},
numpages = {18}
}

@InProceedings{postaggers-sot,
author="Manning, Christopher D.",
editor="Gelbukh, Alexander F.",
title="Part-of-Speech Tagging from 97{\%} to 100{\%}: Is It Time for Some Linguistics?",
booktitle="Computational Linguistics and Intelligent Text Processing",
year="2011",
publisher="Springer Berlin Heidelberg",
address="Berlin, Heidelberg",
pages="171--189",
isbn="978-3-642-19400-9"
}